<record><leader>00000cas a22000007a 4500</leader><controlfield tag="001">21769098</controlfield><controlfield tag="008">900611d18581859mouwr ne      0    0eng d</controlfield><datafield ind1=" " ind2=" " tag="010"><subfield code="a">sn 90061896 </subfield></datafield><datafield ind1=" " ind2=" " tag="040"><subfield code="a">MQN</subfield><subfield code="b">eng</subfield><subfield code="c">MQN</subfield><subfield code="d">OCL</subfield><subfield code="d">OCLCQ</subfield><subfield code="d">OCLCO</subfield></datafield><datafield ind1="1" ind2=" " tag="029"><subfield code="a">AU@</subfield><subfield code="b">000025856350</subfield></datafield><datafield ind1=" " ind2=" " tag="042"><subfield code="a">msc</subfield></datafield><datafield ind1=" " ind2=" " tag="043"><subfield code="a">n-us-mo</subfield></datafield><datafield ind1="0" ind2=" " tag="130"><subfield code="a">Saturday morning visitor (Waverly, Mo)</subfield></datafield><datafield ind1="1" ind2="0" tag="245"><subfield code="a">Saturday morning visitor.</subfield></datafield><datafield ind1=" " ind2=" " tag="260"><subfield code="a">Waverly &amp; St. Thomas, Mo. :</subfield><subfield code="b">C. Patterson,</subfield><subfield code="c">1858-1859.</subfield></datafield><datafield ind1=" " ind2=" " tag="300"><subfield code="a">v.</subfield></datafield><datafield ind1=" " ind2=" " tag="310"><subfield code="a">Weekly</subfield></datafield><datafield ind1="0" ind2=" " tag="362"><subfield code="a">Vol. 1, no. 1 (Nov. 13, 1858)-v. 1, no. 42 (Sept. 24, 1859).</subfield></datafield><datafield ind1=" " ind2="0" tag="651"><subfield code="a">Waverly (Mo.)</subfield><subfield code="v">Newspapers.</subfield></datafield><datafield ind1=" " ind2="0" tag="651"><subfield code="a">Saint Thomas (Mo.)</subfield><subfield code="v">Newspapers.</subfield></datafield><datafield ind1=" " ind2=" " tag="752"><subfield code="a">United States</subfield><subfield code="b">Missouri</subfield><subfield code="c">Lafayette</subfield><subfield code="d">Waverly.</subfield></datafield><datafield ind1=" " ind2=" " tag="752"><subfield code="a">United States</subfield><subfield code="b">Missouri</subfield><subfield code="c">Lafayette</subfield><subfield code="d">Saint Thomas.</subfield></datafield><datafield ind1="0" ind2="0" tag="785"><subfield code="t">Saturday weekly visitor</subfield><subfield code="w">(DLC)sn 90061920</subfield></datafield></record>